@book{Tao2016AnalysisI,
  author    = {Terence Tao},
  title     = {Analysis I},
  year      = {2016},
  edition   = {4th},
  publisher = {Hindustan Book Agency},
  series    = {Texts and Readings in Mathematics},
  volume    = {37},
  isbn      = {978-93-80250-82-3},
  url       = {https://terrytao.wordpress.com/books/analysis-i/}
}

