@article{Mandelbrot2017structural,
author = {Mahanta, Arun and Sarmah, Hemanta and Choudhury, Gautam},
year = {2017},
month = {05},
pages = {35-58},
title = {SOME STRUCTURAL AND DYNAMICAL PROPERTIES OF MANDELBROT SET},
volume = {6},
journal = {International Journal of Applied Mathematics and Statistical Science}
}

@article{Mandelbrotset2024,
  author          = {Kevin G. Hare and Chatchai Noytaptim},
  title           = {Totally real algebraic numbers in generalized Mandelbrot set},
  year            = {2024},
  eprint = {arXiv:2405.10395}
}

